https://laum.univ-lemans.fr/fr/index.html
https://lium.univ-lemans.fr